@Book{CLRS09,
  author = 	 "Cormen, T.H and Leiserson, C. E. and Rivest, R.L. and  Stein, C.",
  title = 	 "Algorithmique - 3ème édition - Cours avec 957 exercices et 158 problèmes",
  publisher = 	 "Dunod",
  year = 	 "2010",
  OPTcrossref =  "",
  OPTkey = 	 "",
  OPTeditor = 	 "",
  OPTvolume = 	 "",
  OPTnumber = 	 "",
  OPTseries = 	 "",
  OPTaddress = 	 "",
  OPTedition = 	 "",
  OPTmonth = 	 "",
  OPTnote = 	 "",
  OPTannote = 	 ""
}

@Book{CLRS10,
  author = 	 "Cormen, T.H and Leiserson, C. E. and Rivest, R.L. and  Stein, C.",
  title = 	 "Introduction to Algorithms, Third Edition",
  publisher = 	 "The MIT Press",
  year = 	 "2009",
  OPTcrossref =  "",
  OPTkey = 	 "",
  OPTeditor = 	 "",
  OPTvolume = 	 "",
  OPTnumber = 	 "",
  OPTseries = 	 "",
  OPTaddress = 	 "",
  OPTedition = 	 "",
  OPTmonth = 	 "",
  OPTnote = 	 "",
  OPTannote = 	 ""
}

@Book{Xuo92,
  author = 	 "Xuong, N.H.",
  title = 	 "Math\'ematiques discr\`etes et informatique",
  publisher = 	 "Masson",
  year = 	 "1992",
  OPTcrossref =  "",
  OPTkey = 	 "",
  OPTeditor = 	 "",
  OPTvolume = 	 "",
  OPTnumber = 	 "",
  OPTseries = 	 "",
  OPTaddress = 	 "",
  OPTedition = 	 "",
  OPTmonth = 	 "",
  OPTnote = 	 "",
  OPTannote = 	 ""
}


@Book{CGH97,
  author = 	 "Charon, I. and Germa, A. and Hudry, O.",
  title = 	 "Méthodes d'optimisation combinatoire",
  publisher = 	 "Masson",
  year = 	 "1997",
  OPTcrossref =  "",
  OPTkey = 	 "",
  OPTeditor = 	 "",
  OPTvolume = 	 "",
  OPTnumber = 	 "",
  OPTseries = 	 "",
  OPTaddress = 	 "",
  OPTedition = 	 "",
  OPTmonth = 	 "",
  OPTnote = 	 "",
  OPTannote = 	 ""
}


@Book{GM09,
  author = 	 "Gondran, Michel and Minoux, Michel",
  title = 	 "Graphes et algorithmes",
  publisher = 	 "Tec \& Doc Lavoisier",
  year = 	 "2009",
  OPTcrossref =  "",
  OPTkey = 	 "",
  OPTeditor = 	 "",
  OPTvolume = 	 "",
  OPTnumber = 	 "",
  OPTseries = 	 "",
  OPTaddress = 	 "",
  OPTedition = 	 "",
  OPTmonth = 	 "",
  OPTnote = 	 "",
  OPTannote = 	 ""
}

@Book{Even79,
  author = 	 {Even, Shimon},
  title = 	 {Graph Algorithms},
  publisher = 	 {Computer Science Press},
  year = 	 {1979},
  OPTkey = 	 {},
  OPTvolume = 	 {},
  OPTnumber = 	 {},
  OPTseries = 	 {},
  OPTaddress = 	 {},
  OPTedition = 	 {},
  OPTmonth = 	 {},
  OPTnote = 	 {},
  OPTannote = 	 {}
}

@Book{Saka84,
  author = 	 {Sakarovitch, Michel},
  title = 	 {Graphes et programmation linéaire},
  publisher = 	 {Hermann},
  year = 	 {1984},
  OPTkey = 	 {},
  OPTvolume = 	 {},
  OPTnumber = 	 {},
  OPTseries = 	 {},
  OPTaddress = 	 {},
  OPTedition = 	 {},
  OPTmonth = 	 {},
  OPTnote = 	 {},
  OPTannote = 	 {}
}

