@online{wikipedia-nlp,
  author = {Les contributeurs de Wikipédia},
  title  = {\textit{Natural language processing}},
  url    = {https://en.wikipedia.org/wiki/Natural_language_processing},
  note   = {Consulté en avril 2024}
}

@online{wikipedia-georgetown,
  author = {Les contributeurs de Wikipédia},
  title  = {\textit{Georgetown-IBM experiment}},
  url    = {https://en.wikipedia.org/wiki/Georgetown%E2%80%93IBM_experiment},
  note   = {Consulté en avril 2024}
}

@online{hutchins-georgetown,
  author = {John HUTCHINS},
  title  = {\textit{The first public demonstration of machine translation:
            the Georgetown-IBM system, 7th January 1954}},
  url    = {https://web.archive.org/web/20071021224529/http://www.hutchinsweb.me.uk/GU-IBM-2005.pdf},
  note   = {Consulté en avril 2024 (version archivée du site original sur https://hutchinsweb.me.uk/)}
}

@online{wikipedia-eliza,
  author = {Les contributeurs de Wikipédia},
  title  = {\textit{ELIZA}},
  url    = {https://en.wikipedia.org/wiki/ELIZA},
  note   = {Consulté en avril 2024}
}

@online{eliza-original,
  author  = {Joseph WEIZENBAUM},
  title   = {\textit{ELIZA - A Computer Program For
             the Study of Natural Language Communication Between Man
             And Machine}},
  year    = {1966},
  url     = {https://dl.acm.org/doi/pdf/10.1145/365153.365168},
  urldate = {Consulté en avril 2024 (version archivée de l'article original).}
}

@online{eliza-gpt,
  author  = {\textup{Cameron R. JONES, Benjamin K. BERGEN, UC San Diego}},
  title   = {\textit{Does GPT-4 pass the Turig test?}},
  year    = {2024},
  url     = {https://arxiv.org/pdf/2310.20216},
  note = {Consulté en avril 2024 (version archivée de l'article original).}
}

@book{weizenbaum-book,
  author    = {Joseph WEIZENBAUM},
  title     = {Computer Power And Human Reason : From Judgement to Calculation},
  year      = {1976},
  publisher = {W. H. Freeman and Company},
  url       = {http://blogs.evergreen.edu/cpat/files/2013/05/Computer-Power-and-Human-Reason.pdf},
  note      = {Page 7}
}
@online{weizenbaum-pic,
  url     = {http://www.computer-timeline.com/timeline/joseph-weizenbaum/},
  urldate = {L'image de Weizenbaum. Consulté en avril 2024.}
}

@article{alpac-hutchins,
  author  = {John HUTCHINS},
  title   = {\textit{ALPAC: the (in)famous report}},
  journal = {MT News International},
  year    = {1996},
  volume  = {June},
  number  = {14},
  pages   = {9-12},
  url     = {https://aclanthology.org/www.mt-archive.info/90/MTNI-1996-Hutchins.pdf},
  note    = {Version archivée de l'article sur le site.}
}
@article{alpac-original,
  author = {Automatic Language Processing Advisory Committee},
  title  = {\textit{Language and Machines: Computers in Translation and Linguistics} \textup{(connu plutôt sous "ALPAC report")}},
  year   = {1996},
  url    = {https://www.mt-archive.net/50/ALPAC-1966.pdf},
  note   = {Version archivée de l'article sur le site.}
}
@online{pierce-pic,
  url     = {https://blog.pangeanic.com/alpac-report},
  urldate = {L'image de Pierce. Consulté en avril 2024.}
}


@online{wikipedia-wembedding,
  author  = {Les contributeurs de Wikipédia},
  title   = {\textit{Word embedding}},
  url     = {https://en.wikipedia.org/wiki/Word_embedding},
  note = {Consulté en avril 2024}
}
@online{wikipedia-wembedding-fr,
  author  = {Les contributeurs de Wikipédia},
  title   = {\textit{Plongement lexical}},
  url     = {https://fr.wikipedia.org/wiki/Plongement_lexical},
  note = {Consulté en avril 2024}
}
@online{wikipedia-distributional-semantics,
  author  = {Les contributeurs de Wikipédia},
  title   = {\textit{Distributional semantics}},
  url     = {https://en.wikipedia.org/wiki/Distributional_semantics},
  note = {Consulté en avril 2024}
}
@online{wikipedia-word2vec,
  author  = {Les contributeurs de Wikipédia},
  title   = {\textit{Word2vec}},
  url     = {https://en.wikipedia.org/wiki/Word2vec},
  note = {Consulté en avril 2024}
}
@online{wikipedia-word2vec-fr,
  author  = {Les contributeurs de Wikipédia},
  title   = {\textit{Word2vec (fr)}},
  url     = {https://fr.wikipedia.org/wiki/Word2vec},
  note = {Consulté en avril 2024}
}
@online{wikipedia-langue-flexionnelle,
  author  = {Les contributeurs de Wikipédia},
  title   = {\textit{Langue flexionnelle}},
  url     = {https://fr.wikipedia.org/wiki/Langue_flexionnelle},
  note = {Consulté en avril 2024}
}
@online{gensim-tuto,
  author  = {Radim ŘEHŮŘEK},
  title   = {\textit{Topics and Transformations}},
  url     = {https://radimrehurek.com/gensim/auto_examples/core/run_topics_and_transformations.html},
  note = {Consulté en avril 2024}
}
@article{distributed-representation,
  author = {\textup{Tomáš MIKOLOV, Ilya SUTSKEVER, Kai CHEN, Greg CORRADO, Jeffrey DEAN}},
  title  = {\textit{Distributed Representations of Words and Phrases
and their Compositionality}},
  year   = {2013},
  url    = {https://arxiv.org/pdf/1310.4546},
  note   = {Version archivée de l'article sur le site.}
}
@article{word2vec-original,
  author = {\textup{Tomáš MIKOLOV, Kai CHEN, Greg CORRADO, Jeffrey DEAN}},
  title  = {\textit{Efficient Estimation of Word Representations in
Vector Space}},
  year   = {2013},
  url    = {https://arxiv.org/pdf/1301.3781},
  note   = {Version archivée de l'article sur le site.}
}
@online{understanding-word-vectors,
  author  = {Allison PARISH},
  title   = {\textit{Understanding word vectors}},
  url     = {https://gist.github.com/aparrish/2f562e3737544cf29aaf1af30362f469},
  note = {Consulté en avril 2024.}
}
@online{word2vec-semicolon,
  author  = {THE SEMICOLON},
  title   = {\textit{Word2Vec - Skipgram and CBOW}},
  url     = {https://www.youtube.com/watch?v=UqRCEmrv1gQ&t=375s},
  year = {2018}
}
@online{firth-pic,
  title = {Bulletin of the School of Oriental and African Studies},
  year = {1961},
  url     = {https://www.cambridge.org/core/journals/bulletin-of-the-school-of-oriental-and-african-studies/article/john-rupert-firth/D926AFCBF99AD17D5C7A7A9C0558DFDC},
  note = {L'image de Firth. Consulté en avril 2024.}
}


@book{stanford-book-ngrams,
  author    = {Daniel JURAFSKY, James H. MARTIN},
  title     = {Speech and Language Processing},
  year      = {2024},
  publisher = {3ème édition en ligne},
  url       = {https://web.stanford.edu/~jurafsky/slp3/},
  note      = {chapitre 3}
}


