@Article{ZR2013,
  author = 	 {Zucman-Rossi, Jessica},
  title = 	 {Des tests ADN aux thérapies ciblées},
  journal = 	 {Science \& Santé},
  year = 	 {2013},
  OPTkey = 	 {},
  OPTvolume = 	 {},
  number = 	 {14},
  pages = 	 {22-32},
  month = 	 {mai-juin},
  note = 	 {\verb+http://www.inserm.fr/mediatheque/infr-grand-public/fichiers/science-sante/ss14_mai_juin_2013+},
  OPTannote = 	 {}
}

@Article{Andre2014,
  author = 	 {André, Fabrice},
  title = 	 {Médecine personnalisée et cancer : quel avenir ?},
  journal = 	 {Pour la Science},
  year = 	 {2014},
  OPTkey = 	 {},
  OPTvolume = 	 {},
  number = 	 {445},
  pages = 	 {14-17},
  month = 	 {novembre},
  OPTnote = 	 {},
  OPTannote = 	 {}
}

@Misc{BA2015,
  OPTkey = 	 {},
  author = 	 {Beurton-Aimar, Marie},
  OPTtitle = 	 {},
  OPThowpublished = {},
  OPTmonth = 	 {},
  OPTyear = 	 {},
  note = 	 {\textit{Entretien}},
  OPTannote = 	 {}
}

